@book{Shirley2023RTW1,
title = {Ray Tracing in One Weekend},
author = {Peter Shirley, Trevor David Black, Steve Hollasch},
year = {2023},
month = {August},
note = {\small \texttt{https://raytracing.github.io/books/RayTracingInOneWeekend.html}},
url = {https://raytracing.github.io/books/RayTracingInOneWeekend.html}
}
@article{ScanlineAlgo,
    title = {Scanline Rendering},
    author = {Wikipedia},
    note = {\small \texttt{https://en.wikipedia.org/wiki/Scanline\_rendering}},
}
@article{Foster,
    title = {Metodologia Foster},
    author = {Mathematics and Computer Science ANL},
    note = {\small \texttt{https://www.mcs.anl.gov/~itf/dbpp/text/node15.html}},
}

@book{flynn,
  author = {Flynn, Michael J.},
  title = {Very High-Speed Computing Systems},
  journal = {Proceedings of the IEEE},
  volume = {54},
  number = {12},
  pages = {1901--1909},
  month = {December},
  year = {1966},
  doi = {10.1109/PROC.1966.5273},
}

@article{rtCUDA,
    author = {NVIDIA Technical Blog},
    title = {Ray Tracing in Cuda},
    note = {\small \texttt{https://developer.nvidia.com/blog/accelerated-ray-tracing-cuda/}},
}

@book{knuth,
  author = {Knuth, Donald E.},
  title = {Structured Programming with go to Statements},
  publisher = {ACM Press/Addison-Wesley Publishing Co.},
  year = {1974},
  address = {New York},
  isbn = {0-201-03569-9},
}

@book{divergence,
    author = {Hansung Kim Angie Wang Sizhuo Zhang Yakun Sophia Shao},
    title = {Cost of Divergence in Ray Tracing:
Performance Characterization on CPU and GPU},
    publisher = {Sejong University},
}

@book{man,
    author = {NVIDIA},
    title = {Nvidia Docs},
    note = {\small \texttt{https://docs.nvidia.com/cuda/cuda-c-programming-guide/}},
}

